<?xml version="1.0" encoding="UTF-8"?>
<record xmlns="http://www.loc.gov/MARC21/slim">
  <leader>     caa a22        4500</leader>
  <controlfield tag="001">176428674X</controlfield>
  <controlfield tag="003">DE-627</controlfield>
  <controlfield tag="005">20210810123218.0</controlfield>
  <controlfield tag="007">cr uuu---uuuuu</controlfield>
  <controlfield tag="008">210726s2019    xx |||||o     00| ||eng c</controlfield>
  <datafield tag="024" ind1="7" ind2=" ">
    <subfield code="a">11159/5532</subfield>
    <subfield code="2">hdl</subfield>
  </datafield>
  <datafield tag="035" ind1=" " ind2=" ">
    <subfield code="a">(DE-627)176428674X</subfield>
  </datafield>
  <datafield tag="035" ind1=" " ind2=" ">
    <subfield code="a">(DE-599)KXP176428674X</subfield>
  </datafield>
  <datafield tag="040" ind1=" " ind2=" ">
    <subfield code="a">DE-627</subfield>
    <subfield code="b">ger</subfield>
    <subfield code="c">DE-627</subfield>
    <subfield code="e">rda</subfield>
  </datafield>
  <datafield tag="041" ind1=" " ind2=" ">
    <subfield code="a">eng</subfield>
  </datafield>
  <datafield tag="100" ind1="1" ind2=" ">
    <subfield code="a">Baulkaran, Vishaal</subfield>
    <subfield code="e">VerfasserIn</subfield>
    <subfield code="4">aut</subfield>
  </datafield>
  <datafield tag="245" ind1="1" ind2="0">
    <subfield code="a">U.S. FDI and shareholder rights protection in developed and developing economies</subfield>
    <subfield code="c">Vishaal Baulkaran, Nathaniel C. Lupton</subfield>
  </datafield>
  <datafield tag="264" ind1=" " ind2="1">
    <subfield code="c">2019</subfield>
  </datafield>
  <datafield tag="336" ind1=" " ind2=" ">
    <subfield code="a">Text</subfield>
    <subfield code="b">txt</subfield>
    <subfield code="2">rdacontent</subfield>
  </datafield>
  <datafield tag="337" ind1=" " ind2=" ">
    <subfield code="a">Computermedien</subfield>
    <subfield code="b">c</subfield>
    <subfield code="2">rdamedia</subfield>
  </datafield>
  <datafield tag="338" ind1=" " ind2=" ">
    <subfield code="a">Online-Ressource</subfield>
    <subfield code="b">cr</subfield>
    <subfield code="2">rdacarrier</subfield>
  </datafield>
  <datafield tag="506" ind1="0" ind2=" ">
    <subfield code="a">Open Access</subfield>
    <subfield code="e">Controlled Vocabulary for Access Rights</subfield>
    <subfield code="q">DE-206</subfield>
    <subfield code="u">http://purl.org/coar/access_right/c_abf2</subfield>
  </datafield>
  <datafield tag="540" ind1=" " ind2=" ">
    <subfield code="q">DE-206</subfield>
    <subfield code="a">Namensnennung 4.0 International</subfield>
    <subfield code="f">CC BY 4.0</subfield>
    <subfield code="2">cc</subfield>
    <subfield code="u">https://creativecommons.org/licenses/by-nc/4.0/</subfield>
  </datafield>
  <datafield tag="650" ind1=" " ind2="4">
    <subfield code="a">FDI</subfield>
  </datafield>
  <datafield tag="650" ind1=" " ind2="4">
    <subfield code="a">expropriation</subfield>
  </datafield>
  <datafield tag="650" ind1=" " ind2="4">
    <subfield code="a">shareholder rights</subfield>
  </datafield>
  <datafield tag="650" ind1=" " ind2="4">
    <subfield code="a">multinational firms</subfield>
  </datafield>
  <datafield tag="700" ind1="1" ind2=" ">
    <subfield code="a">Lupton, Nathaniel</subfield>
    <subfield code="e">VerfasserIn</subfield>
    <subfield code="0">(DE-588)1068176172</subfield>
    <subfield code="0">(DE-627)819698679</subfield>
    <subfield code="0">(DE-576)427357675</subfield>
    <subfield code="4">aut</subfield>
  </datafield>
  <datafield tag="773" ind1="0" ind2="8">
    <subfield code="i">Enthalten in</subfield>
    <subfield code="t">Multinational finance journal</subfield>
    <subfield code="d">[Erscheinungsort nicht ermittelbar] : Global Business Publications, 1997</subfield>
    <subfield code="d">[Erscheinungsort nicht ermittelbar] : Global Business Publications, 1997</subfield>
    <subfield code="g">24(2020), 3/4 vom: Sept./Dez., Seite 155-182</subfield>
    <subfield code="h">Online-Ressource</subfield>
    <subfield code="h">Online-Ressource</subfield>
    <subfield code="w">(DE-627)34190693X</subfield>
    <subfield code="w">(DE-600)2070460-4</subfield>
    <subfield code="w">(DE-576)273911503</subfield>
    <subfield code="x">1096-1879</subfield>
    <subfield code="7">|||s</subfield>
  </datafield>
  <datafield tag="773" ind1="1" ind2="8">
    <subfield code="g">volume:24</subfield>
    <subfield code="g">year:2020</subfield>
    <subfield code="g">number:3/4</subfield>
    <subfield code="g">month:09/12</subfield>
    <subfield code="g">pages:155-182</subfield>
  </datafield>
  <datafield tag="856" ind1="4" ind2="0">
    <subfield code="u">http://www.mfsociety.org/modules/modDashboard/uploadFiles/journals/MJ~0~p1enntjumt119obacjac1k6g134v4.pdf</subfield>
    <subfield code="x">Verlag</subfield>
    <subfield code="z">kostenfrei</subfield>
  </datafield>
  <datafield tag="856" ind1="4" ind2="0">
    <subfield code="u">http://hdl.handle.net/11159/5532</subfield>
    <subfield code="x">Resolving-System</subfield>
    <subfield code="z">kostenfrei</subfield>
  </datafield>
  <datafield tag="936" ind1="u" ind2="w">
    <subfield code="d">24</subfield>
    <subfield code="j">2020</subfield>
    <subfield code="e">3/4</subfield>
    <subfield code="c">9/12</subfield>
    <subfield code="h">155-182</subfield>
  </datafield>
  <datafield tag="951" ind1=" " ind2=" ">
    <subfield code="a">AR</subfield>
  </datafield>
  <datafield tag="952" ind1=" " ind2=" ">
    <subfield code="d">24</subfield>
    <subfield code="j">2020</subfield>
    <subfield code="e">3/4</subfield>
    <subfield code="c">9/12</subfield>
    <subfield code="h">155-182</subfield>
  </datafield>
  <datafield tag="980" ind1=" " ind2=" ">
    <subfield code="2">26</subfield>
    <subfield code="1">01</subfield>
    <subfield code="b">3957510643</subfield>
    <subfield code="h">DA:oac</subfield>
    <subfield code="x">0206</subfield>
    <subfield code="y">x1z</subfield>
    <subfield code="z">26-07-21</subfield>
  </datafield>
  <datafield tag="995" ind1=" " ind2=" ">
    <subfield code="2">26</subfield>
    <subfield code="1">01</subfield>
    <subfield code="a">DA:oac</subfield>
  </datafield>
</record>
